@Article{Einstein,
    author = "Albert Einstein",
    title = "{Zur Elektrodynamik bewegter K{\"o}rper}. ({German})
                 [{On} the electrodynamics of moving bodies]",
    journal = "Annalen der Physik",
    volume = "322",
    number = "10",
    pages = "891--921",
    year = "1905",
    DOI = "http://dx.doi.org/10.1002/andp.19053221004"
}

@inproceedings{wu2020connecting,
    title = {Connecting the dots: Multivariate time series forecasting with graph neural networks},
    author = {Wu, Zonghan and Pan, Shirui and Long, Guodong and Jiang, Jing and Chang, Xiaojun and Zhang, Chengqi},
    booktitle = {Proceedings of the 26th ACM SIGKDD international conference on knowledge discovery \& data mining},
    pages = {753--763},
    year = {2020}
}

@misc{AbuElHaija,
    doi = {10.48550/ARXIV.1905.00067},
    url = {https://arxiv.org/abs/1905.00067},
    author = {Abu-El-Haija, Sami and Perozzi, Bryan and Kapoor, Amol and Alipourfard, Nazanin and Lerman, Kristina and Harutyunyan, Hrayr and Steeg, Greg Ver and Galstyan, Aram},
    keywords = {Machine Learning (cs.LG), Social and Information Networks (cs.SI), Machine Learning (stat.ML), FOS: Computer and information sciences, FOS: Computer and information sciences},
    title = {MixHop: Higher-Order Graph Convolutional Architectures via Sparsified Neighborhood Mixing},
    publisher = {arXiv},
    year = {2019},
    copyright = {Creative Commons Attribution 4.0 International}
}

@article{klicpera2018predict,
    title = {Predict then propagate: Graph neural networks meet personalized pagerank},
    author = {Klicpera, Johannes and Bojchevski, Aleksandar and G{\"u}nnemann, Stephan},
    journal = {arXiv preprint arXiv:1810.05997},
    year = {2018}
}

@inproceedings{leskovec2005graphs,
    title = {Graphs over time: densification laws, shrinking diameters and possible explanations},
    author = {Leskovec, Jure and Kleinberg, Jon and Faloutsos, Christos},
    booktitle = {Proceedings of the eleventh ACM SIGKDD international conference on Knowledge discovery in data mining},
    pages = {177--187},
    year = {2005}
}